<?xml version="1.0" encoding="UTF-8"?>
<OAI-PMH xmlns="http://www.openarchives.org/OAI/2.0/" xmlns:xsi="http://www.w3.org/2001/XMLSchema-instance" xsi:schemaLocation="http://www.openarchives.org/OAI/2.0/ http://www.openarchives.org/OAI/2.0/OAI-PMH.xsd">
<ListRecords>
<record>
<header status="updated">
<identifier>urm_publish:71284002740002121</identifier>
</header>
<metadata>
<record xmlns="http://www.loc.gov/MARC21/slim" xmlns:xsi="http://www.w3.org/2001/XMLSchema-instance" xsi:schemaLocation="http://www.loc.gov/MARC21/slim http://www.loc.gov/standards/marcxml/schema/MARC21slim.xsd" ><leader>01199cas a2200385   4500</leader><controlfield tag="005">20140723122943.0</controlfield><controlfield tag="008">751101c19719999ohuqr1p       0uuua0eng  </controlfield><controlfield tag="001">999543125102121</controlfield><datafield tag="010" ind1=" " ind2=" "><subfield code="a">   72627179 /MN</subfield></datafield><datafield tag="022" ind1=" " ind2=" "><subfield code="a">0300-7766</subfield></datafield><datafield tag="035" ind1=" " ind2=" "><subfield code="a">(OCoLC)01762660</subfield></datafield><datafield tag="035" ind1=" " ind2=" "><subfield code="9">ADX0655UW</subfield></datafield><datafield tag="035" ind1=" " ind2=" "><subfield code="a">771737</subfield></datafield><datafield tag="035" ind1=" " ind2=" "><subfield code="a">(WU)771737-uwmadisondb</subfield></datafield><datafield tag="040" ind1=" " ind2=" "><subfield code="a">DLC</subfield><subfield code="b">eng</subfield><subfield code="c">MUL</subfield><subfield code="d">NSD</subfield><subfield code="d">COO</subfield><subfield code="d">DLC</subfield><subfield code="d">OCL</subfield><subfield code="d">NSD</subfield><subfield code="d">GZN</subfield></datafield><datafield tag="042" ind1=" " ind2=" "><subfield code="a">nsdp</subfield><subfield code="a">lc</subfield></datafield><datafield tag="050" ind1="0" ind2=" "><subfield code="a">ML1</subfield><subfield code="b">.P69457</subfield></datafield><datafield tag="082" ind1=" " ind2=" "><subfield code="a">780/.42</subfield></datafield><datafield tag="090" ind1=" " ind2=" "><subfield code="a">ML1</subfield><subfield code="b">.P69457</subfield></datafield><datafield tag="222" ind1=" " ind2="0"><subfield code="a">Popular music and society</subfield></datafield><datafield tag="245" ind1="0" ind2="0"><subfield code="a">Popular music and society.</subfield></datafield><datafield tag="260" ind1=" " ind2=" "><subfield code="a">Bowling Green, Ohio :</subfield><subfield code="b">Dept. of Sociology, Bowling Green State University.</subfield></datafield><datafield tag="300" ind1=" " ind2=" "><subfield code="a">volumes ;</subfield><subfield code="c">23 cm</subfield></datafield><datafield tag="310" ind1=" " ind2=" "><subfield code="a">Quarterly</subfield><subfield code="b">&lt;, v. 7, 1979&gt;</subfield></datafield><datafield tag="321" ind1=" " ind2=" "><subfield code="a">Semiannual</subfield><subfield code="b">&lt;, v. 6, no. 3, 1979&gt;</subfield></datafield><datafield tag="321" ind1=" " ind2=" "><subfield code="a">Quarterly,</subfield><subfield code="b">fall 1971-</subfield></datafield><datafield tag="336" ind1=" " ind2=" "><subfield code="a">text</subfield><subfield code="b">txt</subfield><subfield code="2">rdacontent</subfield></datafield><datafield tag="337" ind1=" " ind2=" "><subfield code="a">unmediated</subfield><subfield code="b">n</subfield><subfield code="2">rdamedia</subfield></datafield><datafield tag="338" ind1=" " ind2=" "><subfield code="a">volume</subfield><subfield code="b">nc</subfield><subfield code="2">rdacarrier</subfield></datafield><datafield tag="362" ind1="0" ind2=" "><subfield code="a">v. 1-   fall 1971-</subfield></datafield><datafield tag="530" ind1=" " ind2=" "><subfield code="a">Also available on the Internet.</subfield></datafield><datafield tag="650" ind1=" " ind2="0"><subfield code="a">Popular music</subfield><subfield code="v">Periodicals.</subfield><subfield code="2">LCSH</subfield><subfield code="0">41-LIBRARY_OF_CONGRESS-sh2008109791</subfield><subfield code="9">Y</subfield></datafield><datafield tag="650" ind1=" " ind2="0"><subfield code="a">Music</subfield><subfield code="v">Periodicals.</subfield><subfield code="2">LCSH</subfield><subfield code="0">41-LIBRARY_OF_CONGRESS-sh 85088772</subfield><subfield code="9">Y</subfield></datafield><datafield tag="710" ind1="2" ind2=" "><subfield code="a">Bowling Green State University.</subfield><subfield code="b">Department of Sociology.</subfield><subfield code="2">LCNAMES</subfield><subfield code="0">41-LIBRARY_OF_CONGRESS-n  79144972</subfield><subfield code="9">Y</subfield></datafield><datafield tag="997" ind1=" " ind2=" "><subfield code="a">MARCIVE</subfield></datafield><datafield tag="650" ind1=" " ind2="0"><subfield code="w">nne</subfield><subfield code="a">Music</subfield><subfield code="v">Almanacs, yearbooks, etc.</subfield><subfield code="2">LCSH</subfield><subfield code="0">41-LIBRARY_OF_CONGRESS-sh 85088772</subfield><subfield code="9">N</subfield></datafield><datafield tag="650" ind1=" " ind2="0"><subfield code="w">nne</subfield><subfield code="a">Music</subfield><subfield code="v">Yearbooks</subfield><subfield code="2">LCSH</subfield><subfield code="0">41-LIBRARY_OF_CONGRESS-sh 85088772</subfield><subfield code="9">N</subfield></datafield><datafield tag="710" ind1="2" ind2=" "><subfield code="w">nnea</subfield><subfield code="a">Bowling Green State University.</subfield><subfield code="b">Dept. of Sociology</subfield><subfield code="2">LCNAMES</subfield><subfield code="0">41-LIBRARY_OF_CONGRESS-n  79144972</subfield><subfield code="9">N</subfield></datafield><datafield tag="710" ind1="2" ind2=" "><subfield code="w">nnaa</subfield><subfield code="a">Ohio.</subfield><subfield code="b">State University, Bowling Green.</subfield><subfield code="b">Dept. of Sociology.</subfield><subfield code="2">LCNAMES</subfield><subfield code="0">41-LIBRARY_OF_CONGRESS-n  79144972</subfield><subfield code="9">N</subfield></datafield><datafield tag="710" ind1="2" ind2=" "><subfield code="w">r</subfield><subfield code="i">Hierarchical superior:</subfield><subfield code="a">Bowling Green State University</subfield><subfield code="2">LCNAMES</subfield><subfield code="0">41-LIBRARY_OF_CONGRESS-n  79144972</subfield><subfield code="9">R</subfield></datafield><datafield tag="INST" ind1=" " ind2=" "><subfield code="a">01UWI_NETWORK</subfield><subfield code="b">P</subfield><subfield code="c">71284002740002121</subfield></datafield><datafield tag="INST" ind1=" " ind2=" "><subfield code="a">01UWI_MAD</subfield><subfield code="b">P</subfield><subfield code="c">21507854220002122</subfield></datafield><datafield tag="INST" ind1=" " ind2=" "><subfield code="a">01UWI_ML</subfield><subfield code="b">P</subfield><subfield code="c">21187535480002124</subfield></datafield><datafield tag="INST" ind1=" " ind2=" "><subfield code="a">01UWI_SF</subfield><subfield code="b">P</subfield><subfield code="c">2140948110002130</subfield></datafield><datafield tag="INST" ind1=" " ind2=" "><subfield code="a">01UWI_EC</subfield><subfield code="b">P</subfield><subfield code="c">2198184230002134</subfield></datafield><datafield tag="INST" ind1=" " ind2=" "><subfield code="a">01UWI_OSH</subfield><subfield code="b">P</subfield><subfield code="c">2180837510002126</subfield></datafield><datafield tag="INST" ind1=" " ind2=" "><subfield code="a">01UWI_2YR</subfield><subfield code="b">P</subfield><subfield code="c">2136525010002135</subfield></datafield><datafield tag="AVA" ind1=" " ind2=" "><subfield code="0">997717373602122</subfield><subfield code="8">22507854210002122</subfield><subfield code="a">01UWI_MAD</subfield><subfield code="b">MUSIC</subfield><subfield code="c">Remote Shelving -- ask staff for assistance</subfield><subfield code="d">ML1 P72</subfield><subfield code="e">available</subfield><subfield code="f">27</subfield><subfield code="g">0</subfield><subfield code="j">remote</subfield><subfield code="k">0</subfield><subfield code="p">1</subfield><subfield code="q">Music Library (Mills)</subfield><subfield code="t">v.1(1971/1972)-v.32(2009)</subfield></datafield><datafield tag="AVA" ind1=" " ind2=" "><subfield code="0">993143953402124</subfield><subfield code="8">22187535470002124</subfield><subfield code="a">01UWI_ML</subfield><subfield code="b">MIL</subfield><subfield code="c">Music Library - Stacks</subfield><subfield code="d">ML1 .P69457</subfield><subfield code="e">available</subfield><subfield code="f">29</subfield><subfield code="g">0</subfield><subfield code="j">music</subfield><subfield code="k">0</subfield><subfield code="p">1</subfield><subfield code="q">UW Milwaukee</subfield><subfield code="t">v.1 (1971)-v.4:no.2 (1975);</subfield><subfield code="t">v.5:no.5 (1977)-v.32 (2009)</subfield></datafield><datafield tag="AVA" ind1=" " ind2=" "><subfield code="0">99981193602130</subfield><subfield code="8">2255913990002130</subfield><subfield code="a">01UWI_SF</subfield><subfield code="b">SP</subfield><subfield code="c">Bound Periodicals (2nd floor)</subfield><subfield code="e">available</subfield><subfield code="f">20</subfield><subfield code="g">0</subfield><subfield code="j">perbd</subfield><subfield code="p">1</subfield><subfield code="q">UW Stevens Point Library</subfield><subfield code="t">Vol. 4 (1975)-v. 24 (2000)</subfield></datafield><datafield tag="AVA" ind1=" " ind2=" "><subfield code="0">993260793402134</subfield><subfield code="8">2298184010002134</subfield><subfield code="a">01UWI_EC</subfield><subfield code="b">UWEC</subfield><subfield code="c">Journals Bound (2nd floor)</subfield><subfield code="e">available</subfield><subfield code="f">3</subfield><subfield code="g">0</subfield><subfield code="j">jrnl bound</subfield><subfield code="k">5</subfield><subfield code="p">1</subfield><subfield code="q">UW-Eau Claire McIntyre Library</subfield><subfield code="t">v.1 (1971/1972) - v.3 (1974)</subfield></datafield><datafield tag="AVA" ind1=" " ind2=" "><subfield code="0">993978553502126</subfield><subfield code="8">2280837500002126</subfield><subfield code="a">01UWI_OSH</subfield><subfield code="b">OSH</subfield><subfield code="c">Bound Periodicals, 2nd floor South</subfield><subfield code="e">available</subfield><subfield code="f">1</subfield><subfield code="g">0</subfield><subfield code="j">per</subfield><subfield code="p">1</subfield><subfield code="q">Polk Library</subfield><subfield code="t">v.18 (1994) - v. 24 (2000)</subfield></datafield><datafield tag="AVA" ind1=" " ind2=" "><subfield code="0">992381343402135</subfield><subfield code="8">2236525000002135</subfield><subfield code="a">01UWI_2YR</subfield><subfield code="b">COLRCK</subfield><subfield code="c">Rock Periodicals</subfield><subfield code="e">check_holdings</subfield><subfield code="j">rckper</subfield><subfield code="k">8</subfield><subfield code="p">1</subfield><subfield code="q">UW Colleges Rock County Library</subfield><subfield code="t">1997-2008</subfield></datafield><datafield tag="MMS" ind1=" " ind2=" "><subfield code="b">999543125102121</subfield><subfield code="a">01UWI_NETWORK</subfield></datafield><datafield tag="MMS" ind1=" " ind2=" "><subfield code="b">997717373602122</subfield><subfield code="a">01UWI_MAD</subfield></datafield><datafield tag="MMS" ind1=" " ind2=" "><subfield code="b">993143953402124</subfield><subfield code="a">01UWI_ML</subfield></datafield><datafield tag="MMS" ind1=" " ind2=" "><subfield code="b">99981193602130</subfield><subfield code="a">01UWI_SF</subfield></datafield><datafield tag="MMS" ind1=" " ind2=" "><subfield code="b">993260793402134</subfield><subfield code="a">01UWI_EC</subfield></datafield><datafield tag="MMS" ind1=" " ind2=" "><subfield code="b">993978553502126</subfield><subfield code="a">01UWI_OSH</subfield></datafield><datafield tag="MMS" ind1=" " ind2=" "><subfield code="b">992381343402135</subfield><subfield code="a">01UWI_2YR</subfield></datafield><datafield tag="AAA" ind1="0" ind2="1"><subfield code="z">Print subscription cancelled after v.32(2009).</subfield><subfield code="8">22507854210002122</subfield><subfield code="A">01UWI_MAD</subfield></datafield><datafield tag="BBB" ind1="0" ind2="1"><subfield code="x">mk:v;bd:1v;#490</subfield><subfield code="8">22507854210002122</subfield><subfield code="A">01UWI_MAD</subfield></datafield><datafield tag="BBB" ind1="0" ind2="1"><subfield code="x">a22040 a182/whi</subfield><subfield code="x">Cancelled end of 2009.</subfield><subfield code="8">22187535470002124</subfield><subfield code="A">01UWI_ML</subfield></datafield><datafield tag="BBB" ind1=" " ind2="1"><subfield code="x">Cancelled 2002</subfield><subfield code="8">2280837500002126</subfield><subfield code="A">01UWI_OSH</subfield></datafield></record>
</metadata>
</record>
</ListRecords>
</OAI-PMH>